<?xml version="1.0" encoding="UTF-8"?><record xmlns="http://www.loc.gov/MARC21/slim" xmlns:cinclude="http://apache.org/cocoon/include/1.0" xmlns:zs="http://www.loc.gov/zing/srw/">
  <leader>01864cz  a2200277n  4500</leader>
  <controlfield tag="001">n  79065188 </controlfield>
  <controlfield tag="003">DLC</controlfield>
  <controlfield tag="005">20120616074654.0</controlfield>
  <controlfield tag="008">790806n| acannaabn          |n aaa      </controlfield>
  <datafield tag="010" ind1=" " ind2=" ">
    <subfield code="a">n  79065188 </subfield>
    <subfield code="z">n  84021823 </subfield>
  </datafield>
  <datafield tag="035" ind1=" " ind2=" ">
    <subfield code="a">(OCoLC)oca00298111</subfield>
  </datafield>
  <datafield tag="040" ind1=" " ind2=" ">
    <subfield code="a">DLC</subfield>
    <subfield code="b">eng</subfield>
    <subfield code="c">DLC</subfield>
    <subfield code="d">DLC</subfield>
    <subfield code="d">LNT</subfield>
    <subfield code="d">DLC</subfield>
  </datafield>
  <datafield tag="046" ind1=" " ind2=" ">
    <subfield code="f">1938</subfield>
  </datafield>
  <datafield tag="100" ind1="1" ind2=" ">
    <subfield code="a">Weisberg, David B.</subfield>
  </datafield>
  <datafield tag="373" ind1=" " ind2=" ">
    <subfield code="a">Hebrew Union College-Jewish Institute of Religion</subfield>
  </datafield>
  <datafield tag="373" ind1=" " ind2=" ">
    <subfield code="a">Columbia College</subfield>
  </datafield>
  <datafield tag="373" ind1=" " ind2=" ">
    <subfield code="a">Jewish Theological Seminary</subfield>
    <subfield code="t">1960</subfield>
  </datafield>
  <datafield tag="373" ind1=" " ind2=" ">
    <subfield code="a">Yale University</subfield>
    <subfield code="t">1965</subfield>
  </datafield>
  <datafield tag="373" ind1=" " ind2=" ">
    <subfield code="a">University of Chicago</subfield>
  </datafield>
  <datafield tag="373" ind1=" " ind2=" ">
    <subfield code="a">UniversitĚŁat Bar-Ilan</subfield>
  </datafield>
  <datafield tag="373" ind1=" " ind2=" ">
    <subfield code="a">Mikhlellet Achavah</subfield>
  </datafield>
  <datafield tag="373" ind1=" " ind2=" ">
    <subfield code="a">Greater Cincinnati Board of Rabbis</subfield>
  </datafield>
  <datafield tag="374" ind1=" " ind2=" ">
    <subfield code="a">College professors</subfield>
    <subfield code="2">lcsh</subfield>
  </datafield>
  <datafield tag="670" ind1=" " ind2=" ">
    <subfield code="a">His Guild structure and political allegiance ... 1967.</subfield>
  </datafield>
  <datafield tag="670" ind1=" " ind2=" ">
    <subfield code="a">OCLC, June 7, 2004</subfield>
    <subfield code="b">(hdgs.: Weisberg, David B., Weisberg, David B., 1938- ; usage: David B. Weisberg)</subfield>
  </datafield>
  <datafield tag="670" ind1=" " ind2=" ">
    <subfield code="a">NUCMC data from Amer. Jewish Archives for His Papers, 1994-2003</subfield>
    <subfield code="b">(Born in 1938 in New York, N.Y., David B. Weisberg received his A.B. from Columbia College and his Bachelor's of Hebrew Letters from the Jewish Theological Seminary in 1960, and his doctorate from Yale Univ. in 1965. After serving two years at the Oriental Institute of the Univ. of Chicago, he was invited to join the faculty at Hebrew Union College-Jewish Institute of Religion in Cincinnati in 1967, and was ordained as a rabbi in 1977. President of the Greater Cincinnati Board of Rabbis from 2003-2005 and an accomplished scholar, he has taught at Mikhlellet Achavah and Bar Ilan University in Israel, as well as in Russia, Germany, and China. He currently holds the title of Professor of Bible and Semitic Languages at HUC-JIR, Cincinnati, and specializes in Ancient Near Eastern Studies, specifically Assyriology and Bible. He has written prolifically in these areas)</subfield>
  </datafield>
</record>